@book{Schrijver:1986:TLI:17634,
 author = {Schrijver, Alexander},
 title = {Theory of Linear and Integer Programming},
 year = {1986},
 isbn = {0-471-90854-1},
 publisher = {John Wiley \& Sons, Inc.},
 address = {New York, NY, USA},
} 