@inproceedings{DBLP:conf/frocos/ErbaturKMNR15,
  author    = {Serdar Erbatur and
               Deepak Kapur and
               Andrew M. Marshall and
               Paliath Narendran and
               Christophe Ringeissen},
  title     = {Unification and Matching in Hierarchical Combinations of Syntactic
               Theories},
  booktitle = {Frontiers of Combining Systems - 10th International Symposium, FroCoS
               2015, Wroclaw, Poland, September 21-24, 2015. Proceedings},
  pages     = {291--306},
  year      = {2015},
  crossref  = {DBLP:conf/frocos/2015},
  url       = {https://doi.org/10.1007/978-3-319-24246-0_18},
  doi       = {10.1007/978-3-319-24246-0_18},
  timestamp = {Thu, 15 Jun 2017 21:43:48 +0200},
  biburl    = {http://dblp.uni-trier.de/rec/bib/conf/frocos/ErbaturKMNR15},
  bibsource = {dblp computer science bibliography, http://dblp.org}
}

@inproceedings{DBLP:conf/fossacs/ErbaturKMMNR14,
  author    = {Serdar Erbatur and
               Deepak Kapur and
               Andrew M. Marshall and
               Catherine A. Meadows and
               Paliath Narendran and
               Christophe Ringeissen},
  title     = {On Asymmetric Unification and the Combination Problem in Disjoint
               Theories},
  booktitle = {Foundations of Software Science and Computation Structures - 17th
               International Conference, {FOSSACS} 2014, Held as Part of the European
               Joint Conferences on Theory and Practice of Software, {ETAPS} 2014,
               Grenoble, France, April 5-13, 2014, Proceedings},
  pages     = {274--288},
  year      = {2014},
  crossref  = {DBLP:conf/fossacs/2014},
  url       = {https://doi.org/10.1007/978-3-642-54830-7_18},
  doi       = {10.1007/978-3-642-54830-7_18},
  timestamp = {Tue, 23 May 2017 01:08:04 +0200},
  biburl    = {http://dblp.uni-trier.de/rec/bib/conf/fossacs/ErbaturKMMNR14},
  bibsource = {dblp computer science bibliography, http://dblp.org}
}

@inproceedings{DBLP:conf/cade/ErbaturEKLLMMNSS13,
  author    = {Serdar Erbatur and
               Santiago Escobar and
               Deepak Kapur and
               Zhiqiang Liu and
               Christopher Lynch and
               Catherine A. Meadows and
               Jos{\'{e}} Meseguer and
               Paliath Narendran and
               Sonia Santiago and
               Ralf Sasse},
  title     = {Asymmetric Unification: {A} New Unification Paradigm for Cryptographic
               Protocol Analysis},
  booktitle = {Automated Deduction - {CADE-24} - 24th International Conference on
               Automated Deduction, Lake Placid, NY, USA, June 9-14, 2013. Proceedings},
  pages     = {231--248},
  year      = {2013},
  crossref  = {DBLP:conf/cade/2013},
  url       = {https://doi.org/10.1007/978-3-642-38574-2_16},
  doi       = {10.1007/978-3-642-38574-2_16},
  timestamp = {Thu, 01 Jun 2017 18:57:48 +0200},
  biburl    = {http://dblp.uni-trier.de/rec/bib/conf/cade/ErbaturEKLLMMNSS13},
  bibsource = {dblp computer science bibliography, http://dblp.org}
}

@inproceedings{DBLP:conf/cade/FalkeK12,
  author    = {Stephan Falke and
               Deepak Kapur},
  title     = {Rewriting Induction + Linear Arithmetic = Decision Procedure},
  booktitle = {Automated Reasoning - 6th International Joint Conference, {IJCAR}
               2012, Manchester, UK, June 26-29, 2012. Proceedings},
  pages     = {241--255},
  year      = {2012},
  crossref  = {DBLP:conf/cade/2012},
  url       = {https://doi.org/10.1007/978-3-642-31365-3_20},
  doi       = {10.1007/978-3-642-31365-3_20},
  timestamp = {Sun, 21 May 2017 00:17:17 +0200},
  biburl    = {http://dblp.uni-trier.de/rec/bib/conf/cade/FalkeK12},
  bibsource = {dblp computer science bibliography, http://dblp.org}
}

@inproceedings{DBLP:conf/esorics/ErbaturEKLLMMNSS12,
  author    = {Serdar Erbatur and
               Santiago Escobar and
               Deepak Kapur and
               Zhiqiang Liu and
               Christopher Lynch and
               Catherine A. Meadows and
               Jos{\'{e}} Meseguer and
               Paliath Narendran and
               Sonia Santiago and
               Ralf Sasse},
  title     = {Effective Symbolic Protocol Analysis via Equational Irreducibility
               Conditions},
  booktitle = {Computer Security - {ESORICS} 2012 - 17th European Symposium on Research
               in Computer Security, Pisa, Italy, September 10-12, 2012. Proceedings},
  pages     = {73--90},
  year      = {2012},
  crossref  = {DBLP:conf/esorics/2012},
  url       = {https://doi.org/10.1007/978-3-642-33167-1_5},
  doi       = {10.1007/978-3-642-33167-1_5},
  timestamp = {Fri, 02 Jun 2017 20:48:01 +0200},
  biburl    = {http://dblp.uni-trier.de/rec/bib/conf/esorics/ErbaturEKLLMMNSS12},
  bibsource = {dblp computer science bibliography, http://dblp.org}
}

@inproceedings{DBLP:conf/vstte/FalkeKS12,
  author    = {Stephan Falke and
               Deepak Kapur and
               Carsten Sinz},
  title     = {Termination Analysis of Imperative Programs Using Bitvector Arithmetic},
  booktitle = {Verified Software: Theories, Tools, Experiments - 4th International
               Conference, {VSTTE} 2012, Philadelphia, PA, USA, January 28-29, 2012.
               Proceedings},
  pages     = {261--277},
  year      = {2012},
  crossref  = {DBLP:conf/vstte/2012},
  url       = {https://doi.org/10.1007/978-3-642-27705-4_21},
  doi       = {10.1007/978-3-642-27705-4_21},
  timestamp = {Tue, 23 May 2017 01:06:28 +0200},
  biburl    = {http://dblp.uni-trier.de/rec/bib/conf/vstte/FalkeKS12},
  bibsource = {dblp computer science bibliography, http://dblp.org}
}

@article{DBLP:journals/jalc/ErbaturMKN11,
  author    = {Serdar Erbatur and
               Andrew M. Marshall and
               Deepak Kapur and
               Paliath Narendran},
  title     = {Unification over Distributive Exponentiation (Sub)Theories},
  journal   = {Journal of Automata, Languages and Combinatorics},
  volume    = {16},
  number    = {2-4},
  pages     = {109--140},
  year      = {2011},
  timestamp = {Wed, 31 Oct 2012 16:43:40 +0100},
  biburl    = {http://dblp.uni-trier.de/rec/bib/journals/jalc/ErbaturMKN11},
  bibsource = {dblp computer science bibliography, http://dblp.org}
}

@inproceedings{DBLP:conf/ppdp/EscobarKLMMNS11,
  author    = {Santiago Escobar and
               Deepak Kapur and
               Christopher Lynch and
               Catherine A. Meadows and
               Jos{\'{e}} Meseguer and
               Paliath Narendran and
               Ralf Sasse},
  title     = {Protocol analysis in Maude-NPA using unification modulo homomorphic
               encryption},
  booktitle = {Proceedings of the 13th International {ACM} {SIGPLAN} Conference on
               Principles and Practice of Declarative Programming, July 20-22, 2011,
               Odense, Denmark},
  pages     = {65--76},
  year      = {2011},
  crossref  = {DBLP:conf/ppdp/2011},
  url       = {http://doi.acm.org/10.1145/2003476.2003488},
  doi       = {10.1145/2003476.2003488},
  timestamp = {Mon, 05 Jun 2017 12:40:25 +0200},
  biburl    = {http://dblp.uni-trier.de/rec/bib/conf/ppdp/EscobarKLMMNS11},
  bibsource = {dblp computer science bibliography, http://dblp.org}
}

@inproceedings{DBLP:conf/rta/FalkeKS11,
  author    = {Stephan Falke and
               Deepak Kapur and
               Carsten Sinz},
  title     = {Termination Analysis of {C} Programs Using Compiler Intermediate Languages},
  booktitle = {Proceedings of the 22nd International Conference on Rewriting Techniques
               and Applications, {RTA} 2011, May 30 - June 1, 2011, Novi Sad, Serbia},
  pages     = {41--50},
  year      = {2011},
  crossref  = {DBLP:conf/rta/2011},
  url       = {https://doi.org/10.4230/LIPIcs.RTA.2011.41},
  doi       = {10.4230/LIPIcs.RTA.2011.41},
  timestamp = {Mon, 22 May 2017 17:11:15 +0200},
  biburl    = {http://dblp.uni-trier.de/rec/bib/conf/rta/FalkeKS11},
  bibsource = {dblp computer science bibliography, http://dblp.org}
}

@article{kapur2010unification,
  title={Unification modulo a partial theory of exponentiation},
  author={Kapur, Deepak and Marshall, Andrew and Narendran, Paliath},
  journal={arXiv preprint arXiv:1012.4891},
  year={2010}
}

@article{falke2009operational,
  title={Operational termination of conditional rewriting with built-in numbers and semantic data structures},
  author={Falke, Stephan and Kapur, Deepak},
  journal={Electronic Notes in Theoretical Computer Science},
  volume={237},
  pages={75--90},
  year={2009},
  publisher={Elsevier}
}

@inproceedings{falke2009term,
  title={A Term Rewriting Approach to the Automated Termination Analysis of Imperative Programs.},
  author={Falke, Stephan and Kapur, Deepak},
  booktitle={CADE},
  volume={9},
  pages={277--293},
  year={2009},
  organization={Springer}
}

@inproceedings{falke2009termination,
  title={Termination of context-sensitive rewriting with built-in numbers and collection data structures},
  author={Falke, Stephan and Kapur, Deepak},
  booktitle={International Workshop on Functional and Constraint Logic Programming},
  pages={44--61},
  year={2009},
  organization={Springer}
}

@inproceedings{falke2006inductive,
  title={Inductive decidability using implicit induction},
  author={Falke, Stephan and Kapur, Deepak},
  booktitle={LPAR},
  volume={6},
  pages={45--59},
  year={2006},
  organization={Springer}
}

@inproceedings{kapur2003automatic,
  title={Automatic generation of simple lemmas from recursive definitions using decision procedures-preliminary report},
  author={Kapur, Deepak and Subramaniam, Mahadevan},
  booktitle={ASIAN},
  volume={2896},
  pages={125--145},
  year={2003},
  organization={Springer}
}

@inproceedings{giesl2003deciding,
  title={Deciding inductive validity of equations},
  author={Giesl, J{\"u}rgen and Kapur, Deepak},
  booktitle={CADE},
  volume={3},
  pages={17--31},
  year={2003},
  organization={Springer}
}

@inproceedings{kapur2003unification,
  title={An E-unification algorithm for analyzing protocols that use modular exponentiation},
  author={Kapur, Deepak and Narendran, Paliath and Wang, Lida},
  booktitle={RTA},
  volume={2706},
  pages={165--179},
  year={2003},
  organization={Springer}
}

@inproceedings{DBLP:conf/cade/GieslK01,
  author    = {J{\"{u}}rgen Giesl and
               Deepak Kapur},
  title     = {Decidable Classes of Inductive Theorems},
  booktitle = {Automated Reasoning, First International Joint Conference, {IJCAR}
               2001, Siena, Italy, June 18-23, 2001, Proceedings},
  pages     = {469--484},
  year      = {2001},
  crossref  = {DBLP:conf/cade/2001},
  url       = {https://doi.org/10.1007/3-540-45744-5_41},
  doi       = {10.1007/3-540-45744-5_41},
  timestamp = {Fri, 26 May 2017 14:09:14 +0200},
  biburl    = {http://dblp.uni-trier.de/rec/bib/conf/cade/GieslK01},
  bibsource = {dblp computer science bibliography, http://dblp.org}
}

@inproceedings{DBLP:conf/rta/GieslK01,
  author    = {J{\"{u}}rgen Giesl and
               Deepak Kapur},
  title     = {Dependency Pairs for Equational Rewriting},
  booktitle = {Rewriting Techniques and Applications, 12th International Conference,
               {RTA} 2001, Utrecht, The Netherlands, May 22-24, 2001, Proceedings},
  pages     = {93--108},
  year      = {2001},
  crossref  = {DBLP:conf/rta/2001},
  url       = {https://doi.org/10.1007/3-540-45127-7_9},
  doi       = {10.1007/3-540-45127-7_9},
  timestamp = {Fri, 26 May 2017 14:09:14 +0200},
  biburl    = {http://dblp.uni-trier.de/rec/bib/conf/rta/GieslK01},
  bibsource = {dblp computer science bibliography, http://dblp.org}
}

@incollection{DBLP:books/sp/alefeld01/Kapur01,
  author    = {Deepak Kapur},
  title     = {Rewriting, Induction and Decision Procedures: {A} Case Study of Presburger
               Arithmetic},
  booktitle = {Symbolic Algebraic Methods and Verification Methods},
  pages     = {129--144},
  year      = {2001},
  crossref  = {DBLP:books/sp/Alefeld2001},
  timestamp = {Thu, 06 Apr 2006 14:01:34 +0200},
  biburl    = {http://dblp.uni-trier.de/rec/bib/books/sp/alefeld01/Kapur01},
  bibsource = {dblp computer science bibliography, http://dblp.org}
}

@article{DBLP:journals/ngc/RaoKS97,
  author    = {M. R. K. Krishna Rao and
               Deepak Kapur and
               R. K. Shyamasundar},
  title     = {Proving Termination of {GHC} Programs},
  journal   = {New Generation Comput.},
  volume    = {15},
  number    = {3},
  pages     = {293--338},
  year      = {1997},
  url       = {https://doi.org/10.1007/BF03037949},
  doi       = {10.1007/BF03037949},
  timestamp = {Sun, 28 May 2017 13:20:53 +0200},
  biburl    = {http://dblp.uni-trier.de/rec/bib/journals/ngc/RaoKS97},
  bibsource = {dblp computer science bibliography, http://dblp.org}
}

@inproceedings{DBLP:conf/rta/Kapur97,
  author    = {Deepak Kapur},
  title     = {Shostak's Congruence Closure as Completion},
  booktitle = {Rewriting Techniques and Applications, 8th International Conference,
               RTA-97, Sitges, Spain, June 2-5, 1997, Proceedings},
  pages     = {23--37},
  year      = {1997},
  crossref  = {DBLP:conf/rta/1997},
  url       = {https://doi.org/10.1007/3-540-62950-5_59},
  doi       = {10.1007/3-540-62950-5_59},
  timestamp = {Mon, 22 May 2017 17:11:15 +0200},
  biburl    = {http://dblp.uni-trier.de/rec/bib/conf/rta/Kapur97},
  bibsource = {dblp computer science bibliography, http://dblp.org}
}

@book{Baader:1998:TR:280474,
 author = {Baader, Franz and Nipkow, Tobias},
 title = {Term Rewriting and All That},
 year = {1998},
 isbn = {0-521-45520-0},
 publisher = {Cambridge University Press},
 address = {New York, NY, USA},
}

@book{dummit2004abstract,
  title={Abstract Algebra},
  author={Dummit, D.S. and Foote, R.M.},
  isbn={9780471433347},
  lccn={2003057652},
  url={https://books.google.com/books?id=KJDBQgAACAAJ},
  year={2004},
  publisher={Wiley}
}

@article{KAPUR199591,
title = "An overview of Rewrite Rule Laboratory (RRL)",
journal = "Computers and Mathematics with Applications",
volume = "29",
number = "2",
pages = "91 - 114",
year = "1995",
issn = "0898-1221",
doi = "https://doi.org/10.1016/0898-1221(94)00218-A",
url = "http://www.sciencedirect.com/science/article/pii/089812219400218A",
author = "D. Kapur and H. Zhang",
keywords = "RRL",
keywords = "Rewrite techniques",
keywords = "Equational logic",
keywords = "Discrimination nets"
}

@article{DBLP:journals/jar/KapurS96,
  author    = {Deepak Kapur and
               Mahadevan Subramaniam},
  title     = {New Uses of Linear Arithmetic in Automated Theorem Proving by Induction},
  journal   = {J. Autom. Reasoning},
  volume    = {16},
  number    = {1-2},
  pages     = {39--78},
  year      = {1996},
  url       = {https://doi.org/10.1007/BF00244459},
  doi       = {10.1007/BF00244459},
  timestamp = {Sat, 20 May 2017 00:22:32 +0200},
  biburl    = {http://dblp.uni-trier.de/rec/bib/journals/jar/KapurS96},
  bibsource = {dblp computer science bibliography, http://dblp.org}
}

@article{DBLP:journals/jar/KapurN92,
  author    = {Deepak Kapur and
               Paliath Narendran},
  title     = {Complexity of Unification Problems with Associative-Commutative Operators},
  journal   = {J. Autom. Reasoning},
  volume    = {9},
  number    = {2},
  pages     = {261--288},
  year      = {1992},
  url       = {https://doi.org/10.1007/BF00245463},
  doi       = {10.1007/BF00245463},
  timestamp = {Sat, 20 May 2017 00:22:33 +0200},
  biburl    = {http://dblp.uni-trier.de/rec/bib/journals/jar/KapurN92},
  bibsource = {dblp computer science bibliography, http://dblp.org}
}

@inproceedings{DBLP:conf/lics/KapurN92,
  author    = {Deepak Kapur and
               Paliath Narendran},
  title     = {Double-exponential Complexity of Computing a Complete Set of AC-Unifiers},
  booktitle = {Proceedings of the Seventh Annual Symposium on Logic in Computer Science
               {(LICS} '92), Santa Cruz, California, USA, June 22-25, 1992},
  pages     = {11--21},
  year      = {1992},
  crossref  = {DBLP:conf/lics/1992},
  url       = {https://doi.org/10.1109/LICS.1992.185515},
  doi       = {10.1109/LICS.1992.185515},
  timestamp = {Thu, 25 May 2017 00:42:41 +0200},
  biburl    = {http://dblp.uni-trier.de/rec/bib/conf/lics/KapurN92},
  bibsource = {dblp computer science bibliography, http://dblp.org}
}

@article{DBLP:journals/tcs/KapurMNS91,
  author    = {Deepak Kapur and
               David R. Musser and
               Paliath Narendran and
               Jonathan Stillman},
  title     = {Semi-Unification},
  journal   = {Theor. Comput. Sci.},
  volume    = {81},
  number    = {2},
  pages     = {169--187},
  year      = {1991},
  url       = {https://doi.org/10.1016/0304-3975(91)90189-9},
  doi       = {10.1016/0304-3975(91)90189-9},
  timestamp = {Sun, 28 May 2017 13:20:03 +0200},
  biburl    = {http://dblp.uni-trier.de/rec/bib/journals/tcs/KapurMNS91},
  bibsource = {dblp computer science bibliography, http://dblp.org}
}